<?xml version="1.0" encoding="UTF-8"?><collection><record><leader>13691ntm a2200913 a 4500</leader><controlfield tag="001">006832557</controlfield><controlfield tag="003">MiAaHDL</controlfield><controlfield tag="005">20190719000000.0</controlfield><controlfield tag="006">m        d        </controlfield><controlfield tag="007">cr bn ---auaua</controlfield><controlfield tag="008">090629m18001899xx            00| ||ara d</controlfield><datafield tag="035" ind1=" " ind2=" "><subfield code="a">(MiU)006832557</subfield></datafield><datafield tag="035" ind1=" " ind2=" "><subfield code="a">sdr-miu006832557</subfield></datafield><datafield tag="040" ind1=" " ind2=" "><subfield code="a">MiU</subfield><subfield code="c">MiU</subfield><subfield code="e">amremm</subfield></datafield><datafield tag="043" ind1=" " ind2=" "><subfield code="a">n-us-mi</subfield></datafield><datafield tag="245" ind1="0" ind2="0"><subfield code="6">880-01</subfield><subfield code="a">Majmūʻah,</subfield><subfield code="f">[ca. 1214 i.e. 1800 to late 19th century].</subfield></datafield><datafield tag="246" ind1="3" ind2="8"><subfield code="a">مجموعة سؤال الزرقاني</subfield></datafield><datafield tag="260" ind1=" " ind2=" "><subfield code="c">[ca.1800-1899].</subfield></datafield><datafield tag="300" ind1=" " ind2=" "><subfield code="a">24 leaves :</subfield><subfield code="b">paper ;</subfield><subfield code="c">221 x 160 (160-195 x 95-103) mm. bound to 230 x 168 mm.</subfield></datafield><datafield tag="500" ind1=" " ind2=" "><subfield code="a">Shelfmark: Ann Arbor, University of Michigan, Special Collections Library, Isl. Ms. 946</subfield></datafield><datafield tag="500" ind1=" " ind2=" "><subfield code="a">Origin: As appears in colophons on p.19 and p.29, second and third works copied by ʻAbd al-Raḥmān Muḥammad al-Dahhān with transcription of third work completed 11 Dhū al-Qaʻdah 1214 [ca. 6 April 1800]. Transcription of opening work likely circa 1800, perhaps early 19th or even late 18th century (as suggested by paper and hand). Transcription of final work likely late 19th century (as suggested by paper and hand).</subfield></datafield><datafield tag="500" ind1=" " ind2=" "><subfield code="a">Former shelfmark: Mich. Isl. Ms. temp. no. 95</subfield></datafield><datafield tag="500" ind1=" " ind2=" "><subfield code="a">Binding: Boards covered in black textured cloth with black leather over spine (quarter binding) ; Western style binding ; pastedowns and flyleaves in wove paper printed with a floral vegetal pattern in pale pink and green ; spine gold-stamped with title and decorative accents over raised bands "مجموعة | سؤال الزرقاني" ; sewn in white thread, six stations, tightly bound ; overall in fairly good condition with minor abrasion and pest damage.</subfield></datafield><datafield tag="500" ind1=" " ind2=" "><subfield code="a">Support: European laid paper of three types, each section of the composite volume in a distinct type ; opening section (binion carrying first work) in a type with 7 laid lines per cm. (vertical), chain lines spaced 26-28 mm. apart (horizontal), and watermarks of three crescents with faces in profile (perpendicular to chains, roughly 73 mm. long, see pp.2 and 8) and scrollwork / arms with double-headed eagle (see pp.4 and 6), sturdy, well-burnished, cream in color ; second section (senion carrying second and third works) in a type with roughly 7 laid lines per cm. (vertical), chain lines spaced roughly 36-40 mm. apart (horizontal, somewhat faint), and watermark of three crescents (perpendicular to chains, 90 mm. long, see pp.12, 14, etc.), quite sturdy, lightly burnished, beige in color ; final section (quaternion carrying fourth work) a type with 9-10 laid lines per cm. (horizontal), chain lines spaced 24-25 mm. apart (vertical) and watermark of crescent with face in shield (see p.36, 40, etc.) and "Carbera De Mori | Vittorio" in script (see pp.34, 38, 44, 48 and compare Isl. Ms. 726 copied 1894), sturdy, burnished, bright cream in color.</subfield></datafield><datafield tag="500" ind1=" " ind2=" "><subfield code="a">Decoration: Keywords and headings rubricated in all three sections ; overlining in red (mainly opening section but also occasionally in second section) ; textual dividers in the form of red discs, single and three dots (mainly second section).</subfield></datafield><datafield tag="500" ind1=" " ind2=" "><subfield code="a">Script: Naskh ; three main hands ; opening work in a clear Egyptian or Syrian hand in a medium line, compactly filling the line and seriffed (irregularly) with right-sloping head-serifs on most ascenders and shaqq of kāf, slight effect of words descending toward the baseline, occasional inclination to the right or left, quite rounded though descenders more rectilinear, pointing in distinct dots, alif maqṣūrah pointed as yāʼ, kāf mashqūqah / mashkūlah preferred with shaqq appearing on even final kāf ; second and third works in a clear, small Syrian or Egyptian hand in a medium line, mainly serifless (though with odd serifs occasionally appearing) with slight effect of words descending to baseline, curvilinear descenders, pointing mainly in distinct dots though three dots usually represented by a curved stroke and two dots occasionally represented by a single stroke, alif maqṣūrah pointed as yāʼ, kāf mashqūqah / mashkūlah preferred with long straight shaqq appearing on even final kāf ; final work in a clear, Ottoman naskh in a thin line, partially but somewhat irregularly seriffed with slight effect of tilt to the left and of words descending to baseline, curvilinear descenders, some free assimilation of letters, pointing in strokes rather than distinct dots, final yāʼ usually unpointed.</subfield></datafield><datafield tag="500" ind1=" " ind2=" "><subfield code="a">Layout: Written in 25, 23, and 21 lines per page ; frame-ruled (impression of ruling board evident).</subfield></datafield><datafield tag="500" ind1=" " ind2=" "><subfield code="a">Collation: i, II (4), VI (16), IV (24), i ; binion, senion and quaternion, each corresponding to a distinct section of the composite volume with distinct moment of transcription, opening ternion trimmed smaller than the other two gatherings ; catchwords present ; pagination in pencil, Western numerals, supplied during digitization.</subfield></datafield><datafield tag="500" ind1=" " ind2=" "><subfield code="a">Colophon: [Natījat afkār dhawī al-majd] "Scribal," triangular, reads "وكان الفراغ من تعليق هذه النسخة العظيمة الشريفة من نسخة نقلت من نسخة نقلت من نسخة مؤلفه شيخنا ... شمس الدين الزهار العزيزي الشافعي رحمه الله تعالى على يد الفقير الحقير المعترف بالذنب والتقصير من يرجوا [كذا] عفو ربه المنان عبد الرحمن محمد الدهان الشافعي غفر الله له ولوالديه ولجميع المسلمين اجمعين وصلى الله على سيدنا محمد وعلى اله وصحبه وسلم" ; [Risālat ayy al-mushaddadah] "Scribal," triangular, reads "وكانت الكتابة من نسخ الرسالة العظيمة للشيخ الامام العارف بالله تعالى الشيخ عثمان ابن احمد النجدي ... في احدى عشر خلت من ذي القعدة سنة اربعة عشر ومائتين والف على يد الفقير عبد الرحمن الدهان الشافعي عفي عنه امين امين امين ... والحمد لله رب العالمين وهو حسبي ونعم الوكيل تم تم تم تم تم تم تم"</subfield></datafield><datafield tag="500" ind1=" " ind2=" "><subfield code="a">Incipit: [Suʼāl fī al-farāgh ʻan al-ṭīn al-sulṭānī ] "الحمد لله رب العالمين ... وبعد فيقول الفقير علي الصعيدي العدوي خادم الفقراء بالازهر وقعت نازلة في الطلاق فيما يتعلق بالبساط فوقع الافتاء بها بعدم الطلاق قياسا على مسئلة ذكرها الشيخ عبد الباقي في شرحه الصغير ... سؤال رفع للعلامة الشيخ عبد الباقي الزرقاني رحمه الله تعالى في الفراغ عن الطين السلطاني وهو ما تقول علما الاسلام متع الله تعالى بوجودهم ..." ; [Natījat afkār dhawī al-majd] "الحمد لله الذي له الامر من قبل ومن بعد ... وبعد فقد سألني اعز اخواني واوحد خلاني ... ان اضع له رسالة لطيفة تتضمن ابحاث وبعد فاجبته الى ذلك راجيا من القادر المالك ان يهديني الى احسن المسالك وسميتها نتيجة افكار ذوي المجد في تحرير ابحاث وبعد ..." ; [Risālat ayy al-mushaddadah] "وصلى الله على سيدنا محمد ... الحمد لله رافع المشكلات عن اولى الالباب وناصب العلامات على ذلك من سنة ...وبعد فيقول الفقير الى رحمة ربه العلي عثمان بن احمد النجدي الحنبلي ... هذه فوائد تتعلق بأي المشددة ..." ; [Sharḥ Qaṣīdat Ilzam bāb Rabbik] "الحمد لله الذي علم الاشياء قبل وجود وجعل لكل شيء قدرا ... اما بعد فهذا قدر قليل في شرح قصيدة من اسمه مذكور في قوله تعالى لما قام عبد الله يدعوه ... قال رضي الله عنه الزم باب ربك اي الزم يا ايها العبد المخلوق ..."</subfield></datafield><datafield tag="500" ind1=" " ind2=" "><subfield code="a">Title from inscription on verso of front flyleaf.</subfield></datafield><datafield tag="500" ind1=" " ind2=" "><subfield code="a">Ms. composite codex.</subfield></datafield><datafield tag="505" ind1="0" ind2=" "><subfield code="a">6. p.33-p.48 : Hādhihi al-qaṣīdah li-quṭb zamānih wa-farīd ʻaṣrih wa-aqrānih al-sayyid ʻAbd Allāh ibn ʻAlawī al-Ḥaddād Bāʻalawī wa-al-Sharḥ li-mawlānā al-ʻallāmah al-shaykh Muḥammad Ḥayāt al-Sindī [aw Sharḥ Qaṣīdat Ilzam bāb Rabbik] / ʻAbd Allāh ibn ʻAlawī al-Ḥaddād Bāʻalawī ; Muḥammad Ḥayāt al-Sindī.</subfield></datafield><datafield tag="505" ind1="0" ind2=" "><subfield code="a">5. p.30-p.32 : [blank].</subfield></datafield><datafield tag="505" ind1="0" ind2=" "><subfield code="a">4. p.21-p.29 : Hādhihi fawāʼid tataʻallaqu bi-ayy al-mushaddadah [aw Risālat ayy al-mushaddadah] / ʻUthmān ibn Aḥmad al-Najdī.</subfield></datafield><datafield tag="505" ind1="0" ind2=" "><subfield code="a">3. p.20 : [excerpt from the decisions of Shaykh Shams al-Dīn al-Zahhār al-ʻAzīzī al-Shāfiʻī].</subfield></datafield><datafield tag="505" ind1="0" ind2=" "><subfield code="a">2. p.9-p.19 : Kitāb Natījat afkār dhawī al-majd fī taḥrīr abḥāth wa-baʻd / Shams al-Dīn al-Zahhār al-ʻAzīzī al-Shāfiʻī.</subfield></datafield><datafield tag="505" ind1="0" ind2=" "><subfield code="a">1. p.1-p.8 : Hādhā Suʼāl rufiʻa lil-ʻallāmah al-shaykh ʻAbd al-Bāqī al-Zurqānī fī al-farāgh ʻan al-ṭīn al-sulṭānī wa-jawābuh li-jamʻ min al-aʼimmah / ʻAbd al-Bāqī al-Zurqānī ; ʻAlī ibn Aḥmad al-Ṣaʻīdī al-ʻAdawī.</subfield></datafield><datafield tag="510" ind1="4" ind2=" "><subfield code="a">Nikolaev, Vsevolod. Watermarks of the mediaeval Ottoman documents in Bulgarian libraries. Watermarks of the Ottoman Empire, volume 1. Sofia: Bulgarian Academy of Sciences, 1954.</subfield></datafield><datafield tag="510" ind1="4" ind2=" "><subfield code="a">Brockelmann, C. GAL,</subfield><subfield code="c">S II 722</subfield></datafield><datafield tag="510" ind1="4" ind2=" "><subfield code="a">Brockelmann, C. GAL,</subfield><subfield code="c">II 319 ; S I 439</subfield></datafield><datafield tag="510" ind1="4" ind2=" "><subfield code="a">Brockelmann, C. GAL,</subfield><subfield code="c">II 318</subfield></datafield><datafield tag="520" ind1="8" ind2=" "><subfield code="a">Fine composite collection (majmūʻah) of four works on topics of fiqh, grammar and Ṣūfistic poetry, namely a commentary on a poem of ʻAbd Allāh ibn ʻAlawī al-Ḥaddād (d.1720).</subfield></datafield><datafield tag="538" ind1=" " ind2=" "><subfield code="a">Mode of access: Internet.</subfield></datafield><datafield tag="541" ind1=" " ind2=" "><subfield code="a">Acquired in the Fall of 1950.</subfield></datafield><datafield tag="546" ind1=" " ind2=" "><subfield code="a">Arabic.</subfield></datafield><datafield tag="561" ind1=" " ind2=" "><subfield code="a">On upper pastedown, label with ex libris of James Heyworth-Dunne (d.1974), stamped with inventory numbers, "Ex Libris | J. Heyworth-Dunne | D. Lit. (London) | No.7772 | No. 7773 | No. 7774 | No. 7775" ; UM Library inscription on p.3 "Dunning | Heyworth-Dunne | 6-13-51 | 71955" ; a few marginal corrections in opening section (first work).</subfield></datafield><datafield tag="600" ind1="0" ind2="0"><subfield code="a">Muḥammad,</subfield><subfield code="c">Prophet,</subfield><subfield code="d">-632</subfield><subfield code="v">Poetry.</subfield></datafield><datafield tag="600" ind1="1" ind2="0"><subfield code="a">ʻAṭṭās, ʻAbd Allāh ibn ʻAlawī,</subfield><subfield code="d">1634 or 5-1719 or 20.</subfield><subfield code="t">Qaṣīdah.</subfield></datafield><datafield tag="650" ind1=" " ind2="0"><subfield code="a">Manuscripts, Arabic</subfield><subfield code="z">Michigan</subfield><subfield code="z">Ann Arbor.</subfield></datafield><datafield tag="650" ind1=" " ind2="0"><subfield code="a">Sufism</subfield><subfield code="v">Early works to 1800.</subfield></datafield><datafield tag="650" ind1=" " ind2="0"><subfield code="a">Sufi poetry, Arabic</subfield><subfield code="v">Early works to 1800.</subfield></datafield><datafield tag="650" ind1=" " ind2="0"><subfield code="a">Arabic language</subfield><subfield code="x">Grammar</subfield><subfield code="v">Early works to 1800.</subfield></datafield><datafield tag="650" ind1=" " ind2="0"><subfield code="a">Islamic law</subfield><subfield code="x">Interpretation and construction</subfield><subfield code="v">Early works to 1800.</subfield></datafield><datafield tag="700" ind1="1" ind2=" "><subfield code="a">Heyworth-Dunne, J.</subfield><subfield code="q">(James),</subfield><subfield code="e">former owner.</subfield></datafield><datafield tag="700" ind1="0" ind2=" "><subfield code="6">880-13</subfield><subfield code="a">ʻAbd al-Raḥmān Muḥammad al-Dahhān,</subfield><subfield code="d">fl. 1800,</subfield><subfield code="e">scribe.</subfield></datafield><datafield tag="700" ind1="1" ind2="2"><subfield code="6">880-11</subfield><subfield code="a">Sindī, Muḥammad Ḥayāt,</subfield><subfield code="d">-1750.</subfield><subfield code="t">Sharḥ Qaṣīdat Ilzam bāb Rabbik.</subfield></datafield><datafield tag="700" ind1="1" ind2="2"><subfield code="6">880-09</subfield><subfield code="a">ʻAṭṭās, ʻAbd Allāh ibn ʻAlawī,</subfield><subfield code="d">1634 or 1635-1719 or 1720.</subfield><subfield code="t">Qaṣīdah.</subfield></datafield><datafield tag="700" ind1="1" ind2="2"><subfield code="6">880-06</subfield><subfield code="a">Najdī, ʻUthmān Aḥmad,</subfield><subfield code="d">-1686.</subfield><subfield code="t">Risālat ayy al-mushaddadah.</subfield></datafield><datafield tag="700" ind1="0" ind2="2"><subfield code="6">880-05</subfield><subfield code="a">Shams al-Dīn al-Zahhār al-ʻAzīzī al-Shāfiʻī.</subfield><subfield code="t">Natījat afkār dhawī al-majd fī taḥrīr abḥāth wa-baʻd.</subfield></datafield><datafield tag="700" ind1="1" ind2=" "><subfield code="6">880-03</subfield><subfield code="a">Ṣaʻīdī, ʻAlī ibn Aḥmad,</subfield><subfield code="d">1700-1775.</subfield></datafield><datafield tag="700" ind1="1" ind2="2"><subfield code="6">880-02</subfield><subfield code="a">Zurqānī, ʻAbd al-Bāqī ibn Yūsuf,</subfield><subfield code="d">1611-1688.</subfield><subfield code="t">Suʼāl fī al-farāgh ʻan al-ṭīn al-sulṭānī.</subfield></datafield><datafield tag="740" ind1="0" ind2="2"><subfield code="6">880-12</subfield><subfield code="a">Hādhihi al-Qaṣīdah li-quṭb zamānih wa-farīd ʻaṣrih wa-aqrānih al-sayyid ʻAbd Allāh ibn ʻAlawī al-Ḥaddād Bāʻalawī wa-al-Sharḥ li-mawlānā al-ʻallāmah al-shaykh Muḥammad Ḥayāt al-Sindī</subfield></datafield><datafield tag="740" ind1="0" ind2="2"><subfield code="6">880-08</subfield><subfield code="a">Risālah fī al-naḥw</subfield></datafield><datafield tag="740" ind1="0" ind2="2"><subfield code="6">880-07</subfield><subfield code="a">Hādhihi fawāʼid tataʻallaqu bi-ayy al-mushaddadah</subfield></datafield><datafield tag="740" ind1="0" ind2="2"><subfield code="6">880-04</subfield><subfield code="a">Suʼāl rufiʻa lil-ʻallāmah al-shaykh ʻAbd al-Bāqī al-Zurqānī fī al-farāgh ʻan al-ṭīn al-sulṭānī wa-jawābuh li-jamʻ min al-aʼimmah</subfield></datafield><datafield tag="773" ind1="0" ind2=" "><subfield code="a">Heyworth-Dunne Collection.</subfield></datafield><datafield tag="880" ind1="0" ind2=" "><subfield code="6">700-13/</subfield><subfield code="a">عبد الرحمن محمد الدهان.</subfield><subfield code="e">ناسخ.</subfield></datafield><datafield tag="880" ind1="0" ind2="2"><subfield code="6">740-12/</subfield><subfield code="a">هذه القصيدة لقطب زمانه وفريد عصره واقرانه السيد عبد الله ابن علوي الحداد باعلوي والشرح لمولانا العلامة الشيخ محمد حبات السندي</subfield></datafield><datafield tag="880" ind1="1" ind2="2"><subfield code="6">700-11/</subfield><subfield code="a">سندي، محمد حيات،</subfield><subfield code="t">شرح قصيدة الزم باب ربك.</subfield></datafield><datafield tag="880" ind1="1" ind2="2"><subfield code="6">700-09/</subfield><subfield code="a">عطاس، عبد الله بن علوي.</subfield><subfield code="t">قصيدة.</subfield></datafield><datafield tag="880" ind1="0" ind2="2"><subfield code="6">740-08/</subfield><subfield code="a">رسالة في النحو</subfield></datafield><datafield tag="880" ind1="0" ind2="2"><subfield code="6">740-07/</subfield><subfield code="a">هذه فوائد تتعلق باي المشددة</subfield></datafield><datafield tag="880" ind1="1" ind2="2"><subfield code="6">700-06/</subfield><subfield code="a">نجدي، عثمان احمد.</subfield><subfield code="t">رسالة اي المشددة.</subfield></datafield><datafield tag="880" ind1="0" ind2="2"><subfield code="6">700-05/</subfield><subfield code="a">شمس الدين العزيزي الشافعي.</subfield><subfield code="t">نتيجة افكار ذوي المجد في تحرير ابحاث وبعد.</subfield></datafield><datafield tag="880" ind1="0" ind2="2"><subfield code="6">740-04/</subfield><subfield code="a">سؤال رفع للعلامة الشيخ عبد الباقي الزرقاني في الفراغ عن الطين السلطاني وجوابه لجمع من الائمة</subfield></datafield><datafield tag="880" ind1="1" ind2=" "><subfield code="6">700-03/</subfield><subfield code="a">صعيدي، علي بن احمد.</subfield></datafield><datafield tag="880" ind1="1" ind2="2"><subfield code="6">700-02/</subfield><subfield code="a">زرقاني, عبد الباقي بن يوسف.</subfield><subfield code="t">سؤال في الفراغ عن الطين السلطاني.</subfield></datafield><datafield tag="880" ind1="0" ind2="0"><subfield code="6">245-01/</subfield><subfield code="a">مجموعة,</subfield><subfield code="f">[ح 1214ه، 1800م الى اواخر القرن 19م].</subfield></datafield><datafield tag="CID" ind1=" " ind2=" "><subfield code="a">006832557</subfield></datafield><datafield tag="DAT" ind1="0" ind2=" "><subfield code="a">20190719102640.0</subfield><subfield code="b">20190719000000.0</subfield></datafield><datafield tag="DAT" ind1="1" ind2=" "><subfield code="a">20190719090653.0</subfield><subfield code="b">2019-07-19T16:12:25Z</subfield></datafield><datafield tag="DAT" ind1="2" ind2=" "><subfield code="a">2015-10-10T18:00:06Z</subfield></datafield><datafield tag="CAT" ind1=" " ind2=" "><subfield code="a">SDR-MIU</subfield><subfield code="d">EX LIBRIS - ALEPH</subfield><subfield code="l">prepare.pl-004-008</subfield></datafield><datafield tag="FMT" ind1=" " ind2=" "><subfield code="a">BK</subfield></datafield><datafield tag="HOL" ind1=" " ind2=" "><subfield code="0">sdr-miu006832557</subfield><subfield code="a">MiU</subfield><subfield code="b">SDR</subfield><subfield code="c">MIU</subfield><subfield code="p">mdp.39015079131275</subfield><subfield code="s">MIU</subfield><subfield code="1">006832557</subfield></datafield><datafield tag="974" ind1=" " ind2=" "><subfield code="b">MIU</subfield><subfield code="c">MIU</subfield><subfield code="d">20190719</subfield><subfield code="s">lit-dlps-dc</subfield><subfield code="u">mdp.39015079131275</subfield><subfield code="y">1899</subfield><subfield code="r">pd</subfield><subfield code="q">exp</subfield></datafield></record></collection>